@INPROCEEDINGS{ITPAReport,
  author={A. {Sivanathan} and D. {Sherratt} and H. H. {Gharakheili} and A. {Radford} and C. {Wijenayake} and A. {Vishwanath} and V. {Sivaraman}},
  booktitle={2017 IEEE Conference on Computer Communications Workshops (INFOCOM WKSHPS)}, 
  title={Characterizing and classifying IoT traffic in smart cities and campuses}, 
  year={2017},
  volume={},
  number={},
  pages={559-564},
  doi={10.1109/INFCOMW.2017.8116438}}
  
@inproceedings{WOT,
  title={A Web of Things Application Architecture Integrating the Real-World into the Web},
  author={D. Guinard},
  year={2011}
}

@article{IOTCITY,
author = {Zanella, Andrea and Bui, Nicola and Castellani, Angelo and Vangelista, Lorenzo and Zorzi, Michele},
year = {2012},
month = {01},
pages = {},
title = {Internet of Things for Smart Cities},
volume = {1},
journal = {Internet of Things Journal, IEEE},
doi = {10.1109/JIOT.2014.2306328}
}

@misc{mazhar2020characterizing,
      title={Characterizing Smart Home IoT Traffic in the Wild}, 
      author={M. Hammad Mazhar and Zubair Shafiq},
      year={2020},
      eprint={2001.08288},
      archivePrefix={arXiv},
      primaryClass={cs.NI}
}

@inproceedings{TheSeminalRoleEdgeNativeApplications,
	author = {Satyanarayanan, Mahadev and Klas, Guenter and Silva, Marco and Mangiante, Simone},
	year = {2019},
	month = {07},
	pages = {33-40},
	title = {The Seminal Role of Edge-Native Applications},
	doi = {10.1109/EDGE.2019.00022}
}

@inproceedings{LoRaWAN,
author = {Ibrahim, Dina and Hussein, Dina},
year = {2019},
month = {06},
pages = {},
title = {Internet of Things Technology based on LoRaWAN Revolution},
doi = {10.1109/IACS.2019.8809176}
}

@book{schiller2003mobile,
  title={Mobile Communications},
  author={Schiller, J.H.},
  isbn={9780321123817},
  lccn={20030520},
  url={https://books.google.it/books?id=FdojEVT1Oj4C},
  year={2003},
  publisher={Addison-Wesley}
}















